@article{Malde11,
author = {Malde, Alpeshkumar K and Zuo, Le and Breeze, Matthew and Stroet, Martin and Poger, David and Nair, Pramod C and Oostenbrink, Chris and Mark, Alan Edward},
title = {An Automated force field Topology Builder {(ATB)} and repository: version 1.0},
journal = {J. Chem. Theory Comput.},
doi = {10.1021/ct200196m},
year = {2011},
volume = {7},
number = {12},
pages = {4026--4037}
}

@article{Koch:2001wi,
author = {Koch, Ina},
title = {{Enumerating all connected maximal common subgraphs in two graphs}},
journal = {Theoretical Computer Science},
year = {2001},
volume = {250},
number = {1},
pages = {1--30}
}

@article{Koch:1996fc,
author = {Koch, Ina and Lengauer, Thomas and Wanke, Egon},
title = {{An Algorithm for Finding Maximal Common Subtopologies in a Set of Protein Structures}},
journal = {Journal of Computational Biology},
year = {1996},
volume = {3},
number = {2},
pages = {289--306},
month = jan,
}

